@MISC               {ref:adept2011p3dx,
    AUTHOR        = {Adept MobileRobots},
    TITLE         = {Pioneer 3DX},
    YEAR          = {2011},
    URL           = {http://www.mobilerobots.com/ResearchRobots/PioneerP3DX.aspx},
    URLACCESSDATE = {13 outubro 2015},
}

@INPROCEEDINGS      {ref:bastos2008utility,
    TITLE         = {Variable utility in multi-robot task allocation systems},
    AUTHOR        = {Bastos, Guilherme S and Ribeiro, Carlos Henrique C and de Souza, Luiz Edival},
    BOOKTITLE     = {Robotic Symposium, 2008. LARS'08. IEEE Latin American},
    PAGES         = {179--183},
    YEAR          = {2008},
    ORGANIZATION  = {IEEE}
}

@INPROCEEDINGS      {ref:botelho1999m+,
  TITLE           = {M+: a scheme for multi-robot cooperation through negotiated task allocation and achievement},
  AUTHOR          = {Botelho, Sylvia C and Alami, Rachid},
  BOOKTITLE       = {Robotics and Automation, 1999. Proceedings. 1999 IEEE International Conference on},
  VOLUME          = {2},
  PAGES           = {1234--1239},
  YEAR            = {1999},
  ORGANIZATION    = {IEEE}
}

@ARTICLE            {ref:brooks1986robust,
    TITLE         = {A robust layered control system for a mobile robot},
    AUTHOR        = {Brooks, Rodney},
    JOURNAL       = {IEEE journal on robotics and automation},
    VOLUME        = {2},
    NUMBER        = {1},
    PAGES         = {14--23},
    YEAR          = {1986},
    PUBLISHER     = {IEEE}
}

@ARTICLE            {ref:gerkey2002murdoch,
    TITLE         = {Sold!: Auction methods for multirobot coordination},
    AUTHOR        = {Gerkey, Brian P and Mataric, Maja J},
    JOURNAL       = {IEEE transactions on robotics and automation},
    VOLUME        = {18},
    NUMBER        = {5},
    PAGES         = {758--768},
    YEAR          = {2002},
    PUBLISHER     = {IEEE}
}

@ARTICLE            {ref:gerkey2004taxonomy,
    TITLE         = {A formal analysis and taxonomy of task allocation in multi-robot systems},
    AUTHOR        = {Gerkey, Brian P and Matari{\'c}, Maja J},
    JOURNAL       = {The International Journal of Robotics Research},
    VOLUME        = {23},
    NUMBER        = {9},
    PAGES         = {939--954},
    YEAR          = {2004},
    PUBLISHER     = {SAGE Publications}
}

@BOOK               {ref:ghallab2004automated,
    TITLE         = {Automated Planning: theory and practice},
    AUTHOR        = {Ghallab, Malik and Nau, Dana and Traverso, Paolo},
    YEAR          = {2004},
    PUBLISHER     = {Elsevier}
}

@INPROCEEDINGS      {ref:mohamed2008middleware,
    TITLE         = {Middleware for robotics: A survey},
    AUTHOR        = {Mohamed, Nader and Al-Jaroodi, Jameela and Jawhar, Imad},
    BOOKTITLE     = {Robotics, Automation and Mechatronics, 2008 IEEE Conference on},
    PAGES         = {736--742},
    YEAR          = {2008},
    ORGANIZATION  = {Ieee}
}

@ARTICLE            {ref:parker1998alliance,
    TITLE         = {ALLIANCE: An architecture for fault tolerant multirobot cooperation},
    AUTHOR        = {Parker, Lynne E},
    JOURNAL       = {IEEE transactions on robotics and automation},
    VOLUME        = {14},
    NUMBER        = {2},
    PAGES         = {220--240},
    YEAR          = {1998},
    PUBLISHER     = {IEEE}
}

@ARTICLE            {ref:parker1996lalliance,
    TITLE         = {L-ALLIANCE: Task-oriented multi-robot learning in behavior-based systems},
    AUTHOR        = {Parker, Lynne E},
    JOURNAL       = {Advanced Robotics},
    VOLUME        = {11},
    NUMBER        = {4},
    PAGES         = {305--322},
    YEAR          = {1996},
    PUBLISHER     = {Taylor \& Francis}
}

@INPROCEEDINGS      {ref:quigley2009ros,
    TITLE         = {ROS: an open-source Robot Operating System},
    AUTHOR        = {Quigley, Morgan and Conley, Ken and Gerkey, Brian and Faust, Josh and Foote, Tully and                     Leibs, Jeremy and Wheeler, Rob and Ng, Andrew Y},
    BOOKTITLE     = {ICRA workshop on open source software},
    VOLUME        = {3},
    PAGES         = {5},
    YEAR          = {2009},
    ORGANIZATION  = {Kobe}
}

@ARTICLE            {ref:russell1995aima,
    TITLE         = {A modern approach},
    AUTHOR        = {Russell, Stuart and Norvig, Peter and Intelligence, Artificial},
    JOURNAL       = {Artificial Intelligence. Prentice-Hall, Egnlewood Cliffs},
    VOLUME        = {25},
    YEAR          = {1995},
    PUBLISHER     = {Citeseer}
}

@ARTICLE            {ref:stone2000multiagent,
    TITLE         = {Multiagent systems: A survey from a machine learning perspective},
    AUTHOR        = {Stone, Peter and Veloso, Manuela},
    JOURNAL       = {Autonomous Robots},
    VOLUME        = {8},
    NUMBER        = {3},
    PAGES         = {345--383},
    YEAR          = {2000},
    PUBLILSHER    = {Springer}
}

@MISC               {ref:udacity,
    AUTHOR        = {Udacity and Thrun, Sebastian},
    TITLE         = {Artificial Intelligence for Robotics},
    YEAR          = {2011},
    URL           = {https://www.udacity.com/course/viewer#!/c-cs373/l-48704330/e-48748083/m-48665991},
    URLACCESSDATE = {20 outubro 2015},
}

@MISC               {ref:wikiros,
    AUTHOR        = {ROS},
    TITLE         = {Wiki ROS},
    YEAR          = {2007},
    URL           = {http://wiki.ros.org/},
    URLACCESSDATE = {1 agosto 2014},
}